%% This BibTeX bibliography file in UTF-8 format 

@article{madow,
author = {William G. Madow}, 
journal = {Ann. Math. Statist.},
title = {Limiting Distributions of Quadratic and Bilinear Forms},
number = {2},
pages = {125--146},
volume = {11},
year = {1940},
rating = {0}
}

@book{cochran,
author = {Schach, Schaefer}, 
publisher = {Springer},
title = {Regressions- und Varianzanalyse, Eine Einfuehrung},
year = {1978},
rating = {0}
}

@book{zhang:2007,
author = {Aidong Zhang},
publisher = {World Scientific},
title = {Advanced analysis of gene expression microarray data},
year = {2007}
}

@MISC{wiki:affy,
author = {Wikipedia},
title = "Affymetrix",
year = {2010},
howpublished={\url{http://en.wikipedia.org/wiki/Affymetrix}}
}

@MISC{wiki:microarray,
author = {Wikipedia},
title = "DNA microarray",
year = {2010},
howpublished={\url{http://en.wikipedia.org/wiki/DNA_microarray}}
}